@Patent{fishsense-patent,
  author          = {Kastner, Ryan and Crutchfield, Chris and Hu, Kyle and Hui, Nathan and Semmens, Brice},
  title           = {Three-dimensional camera system and method for in-situ fish measurement in aquaculture and marine protected areas},
  number          = {63/575598},
  date            = {April 5 2024},
  nationality     = { United States },
  type            = { Provisional Patent Application },
  year            = { 2024 },
}
