@InProceedings{jre2024,
author = {C. Crutchfield and K. Hu and A. Ghosh},
booktitle = {Jacobs Research Expo},
title = {{Poster: FishSense Lite}},
year = {2024},
month = {April}
}

@InProceedings{ooca2024,
author = {C. Crutchfield and K. Hu and A. Ghosh and J. Loch and A. Candelmo and B. Semmens and C. Schurgers and R. Kastner},
booktitle = {Ocean Observing in California Conference},
title = {{Poster: FishSense Lite - An In-situ Camera and Laser-based Fish Length Measurement System}},
year = {2024},
month = {May}
}
